

@InProceedings{Boson,
  Title                    = {The computational complexity of linear optics},
  Author                   = {Aaronson, Scott and Arkhipov, Alex},
  Booktitle                = {Proceedings of the forty-third annual ACM symposium on Theory of computing},
  Year                     = {2011},
  Organization             = {ACM},
  Pages                    = {333--342}
}

@Article{arkhipov2014,
  Title                    = {Boson sampling is robust to small errors in the network matrix},
  Author                   = {Arkhipov, Alex},
  Journal                  = {arXiv preprint arXiv:1412.2516},
  Year                     = {2014}
}

@Article{quantumkey,
  Title                    = {Quantum cryptography: Public key distribution and coin tossing},
  Author                   = {Bennett, Charles H and Brassard, Gilles},
  Journal                  = {Theoretical computer science},
  Year                     = {2014},
  Pages                    = {7--11},
  Volume                   = {560},
  Publisher                = {Elsevier}
}

@Article{ULO,
  Title                    = {Universal linear optics},
  Author                   = {Carolan, Jacques and Harrold, Christopher and Sparrow, Chris and Mart{\'\i}n-L{\'o}pez, Enrique and Russell, Nicholas J and Silverstone, Joshua W and Shadbolt, Peter J and Matsuda, Nobuyuki and Oguma, Manabu and Itoh, Mikitaka and others},
  Journal                  = {Science},
  Year                     = {2015},
  Number                   = {6249},
  Pages                    = {711--716},
  Volume                   = {349},
  Publisher                = {American Association for the Advancement of Science}
}

@Article{DiVincenzo,
  Title                    = {The physical implementation of quantum computation},
  Author                   = {DiVincenzo, David P and others},
  Journal                  = {arXiv preprint quant-ph/0002077},
  Year                     = {2000}
}

@Article{Feynman,
  Title                    = {Quantum mechanical computers},
  Author                   = {Feynman, Richard P},
  Journal                  = {Foundations of physics},
  Year                     = {1986},
  Number                   = {6},
  Pages                    = {507--531},
  Volume                   = {16},
  Publisher                = {Springer}
}

@article{spontaneous_downconversion,
  title = {Interference of two photons in parametric down conversion},
  author = {Ghosh, R. and Hong, C. K. and Ou, Z. Y. and Mandel, L.},
  journal = {Phys. Rev. A},
  volume = {34},
  issue = {5},
  pages = {3962--3968},
  numpages = {0},
  year = {1986},
  month = {Nov},
  publisher = {American Physical Society},
  doi = {10.1103/PhysRevA.34.3962},
  url = {http://link.aps.org/doi/10.1103/PhysRevA.34.3962}
}

@Article{Grovers,
  Title                    = {Quantum mechanics helps in searching for a needle in a haystack},
  Author                   = {Grover, Lov K},
  Journal                  = {Physical review letters},
  Year                     = {1997},
  Number                   = {2},
  Pages                    = {325},
  Volume                   = {79},
  Publisher                = {APS}
}

@Article{hom,
  Title                    = {Measurement of subpicosecond time intervals between two photons by interference},
  Author                   = {Hong, CK and Ou, ZY and Mandel, Leonard},
  Journal                  = {Physical Review Letters},
  Year                     = {1987},
  Number                   = {18},
  Pages                    = {2044},
  Volume                   = {59},
  Publisher                = {APS}
}

@Article{KLM,
  Title                    = {A scheme for efficient quantum computation with linear optics},
  Author                   = {Knill, Emanuel and Laflamme, Raymond and Milburn, Gerard J},
  Journal                  = {nature},
  Year                     = {2001},
  Number                   = {6816},
  Pages                    = {46--52},
  Volume                   = {409},
  Publisher                = {Nature Publishing Group}
}

@Book{kok,
  Title                    = {Introduction to optical quantum information processing},
  Author                   = {Kok, Pieter and Lovett, Brendon W},
  Publisher                = {Cambridge University Press},
  Year                     = {2010}
}

@article{single_photon_atom,
  title = {Deterministic Single-Photon Source for Distributed Quantum Networking},
  author = {Kuhn, Axel and Hennrich, Markus and Rempe, Gerhard},
  journal = {Phys. Rev. Lett.},
  volume = {89},
  issue = {6},
  pages = {067901},
  numpages = {4},
  year = {2002},
  month = {Jul},
  publisher = {American Physical Society},
  doi = {10.1103/PhysRevLett.89.067901},
  url = {http://link.aps.org/doi/10.1103/PhysRevLett.89.067901}
}

@Article{Perfect,
  Title                    = {Perfect quantum error correcting code},
  Author                   = {Laflamme, Raymond and Miquel, Cesar and Paz, Juan Pablo and Zurek, Wojciech Hubert},
  Journal                  = {Physical Review Letters},
  Year                     = {1996},
  Number                   = {1},
  Pages                    = {198},
  Volume                   = {77},
  Publisher                = {APS}
}

@Book{leaMaths,
  Title                    = {Mathematics for physicists},
  Author                   = {Lea, Susan},
  Publisher                = {Brooks/Cole-Thomson Learning},
  Year                     = {2004}
}

@article{quantum_dot,
  title={A quantum dot single-photon turnstile device},
  author={Michler, P and Kiraz, A and Becher, C and Schoenfeld, WV and Petroff, PM and Zhang, Lidong and Hu, E and Imamoglu, A},
  journal={Science},
  volume={290},
  number={5500},
  pages={2282--2285},
  year={2000},
  publisher={American Association for the Advancement of Science}
}

@article{milburn_Kerr,
  title = {Quantum optical Fredkin gate},
  author = {Milburn, G. J.},
  journal = {Phys. Rev. Lett.},
  volume = {62},
  issue = {18},
  pages = {2124--2127},
  numpages = {0},
  year = {1989},
  month = {May},
  publisher = {American Physical Society},
  doi = {10.1103/PhysRevLett.62.2124},
  url = {http://link.aps.org/doi/10.1103/PhysRevLett.62.2124}
}

@Book{Nielson&Chuang,
  Title                    = {Quantum computation and quantum information},
  Author                   = {Nielsen, Michael A and Chuang, Isaac L},
  Publisher                = {Cambridge university press},
  Year                     = {2010}
}

@Article{expZeno,
  Title                    = {Measurement-Induced Localization of an Ultracold Lattice Gas},
  Author                   = {Patil, Y. S. and Chakram, S. and Vengalattore, M.},
  Journal                  = {Phys. Rev. Lett.},
  Year                     = {2015},
  Month                    = {Oct},
  Pages                    = {140402},
  Volume                   = {115},
  Doi                      = {10.1103/PhysRevLett.115.140402},
  Issue                    = {14},
  Numpages                 = {5},
  Publisher                = {American Physical Society},
  Url                      = {http://link.aps.org/doi/10.1103/PhysRevLett.115.140402}
}

@article{LossCorrectionTim,
  title = {Loss-Tolerant Optical Qubits},
  author = {Ralph, T. C. and Hayes, A. J. F. and Gilchrist, Alexei},
  journal = {Phys. Rev. Lett.},
  volume = {95},
  issue = {10},
  pages = {100501},
  numpages = {4},
  year = {2005},
  month = {Aug},
  publisher = {American Physical Society},
  doi = {10.1103/PhysRevLett.95.100501},
  url = {http://link.aps.org/doi/10.1103/PhysRevLett.95.100501}
}

@Article{OQC,
  Title                    = {Optical quantum computation},
  Author                   = {Ralph, Tim C and Pryde, Geoff J},
  Journal                  = {Progress in optics},
  Year                     = {2010},
  Pages                    = {209--269},
  Volume                   = {54},
  Publisher                = {Elsevier}
}

@Article{reck,
  Title                    = {Experimental realization of any discrete unitary operator},
  Author                   = {Reck, Michael and Zeilinger, Anton and Bernstein, Herbert J and Bertani, Philip},
  Journal                  = {Physical Review Letters},
  Year                     = {1994},
  Number                   = {1},
  Pages                    = {58},
  Volume                   = {73},
  Publisher                = {APS}
}

@InProceedings{Shor,
  Title                    = {Algorithms for quantum computation: Discrete logarithms and factoring},
  Author                   = {Shor, Peter W},
  Booktitle                = {Foundations of Computer Science, 1994 Proceedings., 35th Annual Symposium on},
  Year                     = {1994},
  Organization             = {IEEE},
  Pages                    = {124--134}
}

@InProceedings{shorsfault,
  Title                    = {Fault-tolerant quantum computation},
  Author                   = {Shor, Peter W},
  Booktitle                = {Foundations of Computer Science, 1996. Proceedings., 37th Annual Symposium on},
  Year                     = {1996},
  Organization             = {IEEE},
  Pages                    = {56--65}
}

@Article{steane,
  Title                    = {Efficient fault-tolerant quantum computing},
  Author                   = {Steane, Andrew M},
  Journal                  = {Nature},
  Year                     = {1999},
  Number                   = {6732},
  Pages                    = {124--126},
  Volume                   = {399},
  Publisher                = {Nature Publishing Group}
}

@article{LossCorrection,
  title = {Loss Tolerance in One-Way Quantum Computation via Counterfactual Error Correction},
  author = {Varnava, Michael and Browne, Daniel E. and Rudolph, Terry},
  journal = {Phys. Rev. Lett.},
  volume = {97},
  issue = {12},
  pages = {120501},
  numpages = {4},
  year = {2006},
  month = {Sep},
  publisher = {American Physical Society},
  doi = {10.1103/PhysRevLett.97.120501},
  url = {http://link.aps.org/doi/10.1103/PhysRevLett.97.120501}
}

@Book{walls,
  Title                    = {Quantum optics},
  Author                   = {Walls, Daniel F and Milburn, Gerard J},
  Publisher                = {Springer Science \& Business Media},
  Year                     = {2007}
}

@article{dualityQC,
  title={Duality quantum computing and duality quantum information processing},
  author={Long, Gui Lu},
  journal={International Journal of Theoretical Physics},
  volume={50},
  number={4},
  pages={1305--1318},
  year={2011},
  publisher={Springer}
}

@Comment{jabref-meta: databaseType:bibtex;}
